@book{cormen2022clrs,
  title         = {Introduction to algorithms},
  author        = {Cormen, Thomas H and Leiserson, Charles E and Rivest, Ronald L and Stein, Clifford},
  year          = {2022},
  publisher     = {MIT press}
}
@book{bentley2016programming,
  title         = {Programming pearls},
  author        = {Bentley, Jon},
  year          = {2016},
  publisher     = {Addison-Wesley Professional}
}
@misc{enwiki2023karatsuba,
  author        = {{Wikipedia contributors}},
  title         = {Karatsuba algorithm --- {Wikipedia}{,} The Free Encyclopedia},
  year          = {2023},
  howpublished  = {\url{https://en.wikipedia.org/w/index.php?title=Karatsuba\_algorithm\&oldid=1136568213}},
  note          = {[Online; accessed 13-March-2023]}
}

@misc{mat327lec4,
  author        = {Ivan Khatchatourian},
  title         = {{University of Toronto MAT327 Lecture 4 Countability}},
  year          = {2018},
  howpublished  = {\url{https://www.math.toronto.edu/ivan/mat327/docs/notes/04-countability.pdf}},
}

@article{bernstein2001multidigit,
  title         = {Multidigit multiplication for mathematicians},
  author        = {Bernstein, Daniel J},
  journal       = {Advances in Applied Mathematics},
  pages         = {1--19},
  year          = {2001}
}
